/home/alex/tex/inputs/alex.bib